<record xmlns="http://www.loc.gov/MARC21/slim" xmlns:xsi="http://www.w3.org/2001/XMLSchema-instance" xsi:schemaLocation="http://www.loc.gov/MARC21/slim http://www.loc.gov/standards/marcxml/schema/MARC21slim.xsd"><leader>     nam a22        4500</leader><controlfield tag="001">3058934</controlfield><controlfield tag="003">NNC</controlfield><controlfield tag="006">m        d        </controlfield><controlfield tag="007">cr cn |||m|||a</controlfield><controlfield tag="008">150316s1953    sy      o     000 0 ara d</controlfield><datafield ind1=" " ind2=" " tag="040"><subfield code="a">NNU</subfield><subfield code="b">eng</subfield><subfield code="c">NNU</subfield></datafield><datafield ind1="1" ind2=" " tag="100"><subfield code="a">H&#803;ali&#772;mi&#772;, Abu&#772; &#699;Abd Alla&#772;h al-H&#803;usayn ibn al-H&#803;asan,</subfield><subfield code="d">949-1012.</subfield></datafield><datafield ind1="1" ind2="3" tag="245"><subfield code="a">al-Bayzarah</subfield><subfield code="h">[electronic resource] /</subfield><subfield code="c">ta&#700;li&#772;f bazya&#772;r al-&#699;Azi&#772;z-bi&#697;lla&#772;h al-Fat&#803;imi&#772;, Abi&#772; &#699;Abd-Alla&#772;h al-Hasan ibn al-H&#803;usayn "zannan". Naz&#803;ara fi&#772;hi wa &#699;allaqa &#699;alaihi Muhammad Kurd &#699;Ali&#772;.</subfield></datafield><datafield ind1=" " ind2=" " tag="260"><subfield code="a">Dimashq</subfield><subfield code="b">[Matba&#699;at al-Taraqqi&#772;,</subfield><subfield code="c">1372 h. = 1953 m.]</subfield></datafield><datafield ind1=" " ind2=" " tag="300"><subfield code="a">online resource (213 p.)</subfield></datafield><datafield ind1="1" ind2=" " tag="490"><subfield code="a">Mat&#803;bu&#772;&#699;a&#772;t al-Majma&#699; al-&#699;Ilmi&#772; al-&#699;Arabi&#772; bi-Dimashq</subfield></datafield><datafield ind1=" " ind2=" " tag="500"><subfield code="a">Part of the Arabic Collections Online (ACO) project, contributed by Columbia University Libraries.</subfield></datafield><datafield ind1=" " ind2=" " tag="533"><subfield code="a">Electronic reproduction.</subfield><subfield code="b">New York, N.Y. :</subfield><subfield code="c">New York University,</subfield><subfield code="d">2015.</subfield><subfield code="5">NNU</subfield></datafield><datafield ind1=" " ind2="0" tag="650"><subfield code="a">Falconry.</subfield></datafield><datafield ind1=" " ind2="7" tag="650"><subfield code="a">Falconry.</subfield><subfield code="2">fast</subfield><subfield code="0">(OCoLC)fst00919992</subfield></datafield><datafield ind1="2" ind2=" " tag="710"><subfield code="a">Columbia University.</subfield><subfield code="b">Libraries.</subfield></datafield><datafield ind1="0" ind2=" " tag="730"><subfield code="a">Arabic Collections Online.</subfield></datafield><datafield ind1="0" ind2="8" tag="776"><subfield code="i">Print version:</subfield><subfield code="a">H&#803;ali&#772;mi&#772;, Abu&#772; &#699;Abd Alla&#772;h al-H&#803;usayn ibn al-H&#803;asan, 949-1012.</subfield><subfield code="t">al-Bayzarah</subfield><subfield code="w">(NNC)3058934</subfield><subfield code="w">(OCoLC)505215068</subfield></datafield><datafield ind1=" " ind2="0" tag="830"><subfield code="a">Mat&#803;bu&#772;&#699;a&#772;t al-Majma&#699; al-&#699;Ilmi&#772; al-&#699;Arabi&#772; bi-Dimashq.</subfield></datafield><datafield ind1="4" ind2="0" tag="856"><subfield code="u">http://hdl.handle.net/2333.1/66t1g3v9</subfield></datafield><datafield ind1=" " ind2=" " tag="959"><subfield code="a">NNU</subfield><subfield code="b">WEB</subfield><subfield code="c">GENI</subfield><subfield code="t">0</subfield><subfield code="m">Electronic access</subfield><subfield code="s">01</subfield></datafield><datafield ind1=" " ind2=" " tag="999"><subfield code="i">NNC_3058934</subfield><subfield code="o">(OCoLC)ocn505215068</subfield><subfield code="s">columbia_aco000216</subfield><subfield code="e">(ERROR-880)</subfield></datafield></record>